@article{Sestakova2018,
  author        = {Eliška Šestáková and Jan Janoušek},
  journal       = {Information},
  title         = {Automata Approach to XML Data Indexing},
  year          = {2018},
  volume        = {9},
  number        = {1},
  issn          = {2078-2489},
  medium        = {online},
  accessed      = {2019-03-26},
  doi           = {10.3390/info9010012},
  url           = {http://www.mdpi.com/2078-2489/9/1/12},
}

@book{Crochemore2002,
  author        = {Maxime Crochemore and Wojciech Rytter},
  title         = {Jewels of stringology},
  publisher     = {World Scientific},
  address       = {River Edge, NJ},
  year          = {2002},
  isbn          = {978-9810247829},
}

@book{Motwani2014,
  author        = {Rajeev Motwani and Jeffrey D. Ullman and John E. Hopcroft},
  title         = {Introduction to automata theory, languages, and computation},
  publisher     = {Pearson},
  address       = {Harlow},
  year          = {2014},
  edition       = {Third},
  ISBN          = {9781292039053},
}

@book{Kopka2004,
  author        = {Helmut Kopka and Patrick W. Daly},
  title         = {LATEX},
  subtitle      = {podrobný průvodce},
  publisher     = {Computer Press},
  address       = {Brno},
  year          = {2004},
  ISBN          = {80-7226-973-9},
}

@inproceedings{exponential:queries,
  author        = {Mandhani, Bhushan and Suciu, Dan},
  title         = {Query Caching and View Selection for XML Databases},
  booktitle     = {Proceedings of the 31st International Conference on Very Large Data Bases},
  series        = {VLDB '05},
  year          = {2005},
  isbn          = {1-59593-154-6},
  location      = {Trondheim, Norway},
  pages         = {469--480},
  numpages      = {12},
  url           = {http://dl.acm.org/citation.cfm?id=1083592.1083648},
  acmid         = {1083648},
  publisher     = {VLDB Endowment}
}

@inproceedings{def:2,
	author       = {Leonid Libkin},
	year         = {2005},
	isbn         = {978-3-540-27580-0},
	booktitle    = {Automata, Languages and Programming},
	volume       = {3580},
	series       = {Lecture Notes in Computer Science},
	editor       = {Caires, Luís and Italiano, Giuseppe and Monteiro, Luís and Palamidessi, Catuscia and Yung, Moti},
	title        = {Logics for Unranked Trees: An Overview},
	publisher    = {Springer Berlin Heidelberg},
	pages        = {35--50},
}

@inproceedings{def:1,
	author       = {Frank Neven},
	year         = {2002},
	isbn         = {978-3-540-44240-0},
	booktitle    = {Computer Science Logic},
	volume       = {2471},
	series       = {Lecture Notes in Computer Science},
	editor       = {Bradfield, Julian},
	title        = {Automata, Logic, and XML},
	publisher    = {Springer Berlin Heidelberg},
	pages        = {2--26},
}

@misc{jakZiskatAcko,
  author        = {Rick Astley},
  title         = {Never Gonna Give You Up (Official Music Video) -- YouTube},
  url           = "https://www.youtube.com/watch?v=dQw4w9WgXcQ&ab_channel=RickAstley",
  month         = {10},
  year          = {2009},
  howpublished  = {online},
  note          = "[Citováno 7. 1. 2025]"
}

@misc{darkMode,
	author = {TopDevelopers.co},
  title = {Light Mode Vs. Dark Mode -- What\'s Your Choice For UX? | by TopDevelopers.co | Medium},
  url = "https://medium.com/@topdevelopers-co/light-mode-vs-dark-mode-whats-your-choice-for-ux-5bce3ad4a368",
	month = {8},
	year = {2024},
  note = "[Citováno 27. 2. 2025]"
}
%%%%%%%%%%%%%%%%%%%%%%%%%%%%%%%%%%%%%%%%%%%%%%%%%%%%%%%%%%%%%%%%%%%%%%%%%%%%%%%%%%%%%%%%%%%%%%%%%%%%%%%
%%%%%%%%%%%%%%%%%%%%%%%%%%%%%%%%%%%%%%%%%%%%%%%%%%%%%%%%%%%%%%%%%%%%%%%%%%%%%%%%%%%%%%%%%%%%%%%%%%%%%%%
%%%%%%%%%%%%%%%%%%%%%%%%%%%%%%%%%%%%%%%%%%%%%%%%%%%%%%%%% ACADEMIC-VENTURES
@misc{investopedia_start-ups,
	author = {Mitchell Grant},
	title = {{What a Startup Is and What's Involved in Getting One Off the Ground}},
	journal = {Investopedia},
	year = {2024},
	month = sep,
	day = 25,
	howpublished = {online},
	note = {[accessed 15. May 2025]},
	url = {https://www.investopedia.com/terms/s/startup.asp}
}
@misc{mfmac_spin-out,
	author = {MFMac},
	title = {{Spin-out or start-up - what's the difference?}},
	year = {2022},
	month = dec,
	day = 2,
	howpublished = {online},
	note = {[accessed 15. May 2025]},
	url = {https://www.mfmac.com/insights/corporate/spin-out-or-start-up-whats-the-difference}
}
@article{Caputo_spin-offs-impact,
	author = {Andrea Caputo, David Charles, Raffaele Fiorentino},
	title = {{University spin-offs: entrepreneurship, growth and regional development}},
	journal = {Studies in Higher Education},
	year = {2022},
	month = oct,
	publisher = {Routledge},
	volume  = {48},
	number  = {2},
  	pages   = {295--308},
	doi = {10.1080/03075079.2022.2122655},
	note = {[accessed 15. May 2025]},
	url = {https://www.tandfonline.com/doi/full/10.1080/03075079.2022.2122655#abstract}
}
@report{kauffman_tech-transfer,
  author = {Wai Fong Boh, Uzi De-Haan, Robert Strom},
  title = {University Technology Transfer Through Entrepreneurship: Faculty and Students in Spinoffs},
  year = {2012},
  month = aug,
  institution  = {Ewing Marion Kauffman Foundation},
  howpublished = {online},
  note = {[accessed 15. May 2025]},
  url = {https://www.kauffman.org/reports/university-technology-transfer-through-entrepreneurship-faculty-and-students-in-spinoffs/},
}
@article{Battaglia_spin-off-response,
	author = {Daniele Battaglia, Emilio Paolucci, Elisa Ughetto},
	title = {{The fast response of academic spinoffs to unexpected societal and economic challenges. Lessons from the COVID{-}19 pandemic crisis}},
	journal = {R{\&}D Management},
	volume = {51},
	number = {2},
	pages = {169},
	year = {2020},
	month = nov,
	medium = {online},
  	note = {[accessed 15. May 2025]},
	doi = {10.1111/radm.12444},
  	url = {https://pmc.ncbi.nlm.nih.gov/articles/PMC7753370/},
}
@report{kauffman_tech-transfer,
  author = {Reserach, Develoopment and Innovation Council},
  title = {Analysis of the state of research, development and innovation in the Czech Republic and their international comparison in 2021},
  year = {2021},
  month = aug,
  isbn = {978-80-7440-317-0},
  howpublished = {online},
  note = {[accessed 15. May 2025]},
  url = {https://vyzkum.gov.cz/frontclanek.aspx?idsekce=8304},
}
@misc{Antlova_entrepreneurship-cz,
	author = {Antlova Klara, Rydvalova Petra, Lamr Marian},
	title = {STUDENT ENTREPRENEURSHIP IN THE CZECH REPUBLIC},
	year = {2018},
	month = may,
	howpublished = {online},
	note = {[accessed 15. May 2025]},
	url = {https://www.guesssurvey.org/resources/nat_2018/GUESSS_Report_2018_CzechRepublic.pdf}
}
@misc{Žák-gaming,
	title = {{Czech Gaming Industry - Infinite Universes}},
	author = {Miroslav Žák},
	year = {2025},
	month = may,
	howpublished = {online},
	note = {[accessed 15. May 2025]},
	url = {https://infiniteczechgames.com/en/industry}
}
@misc{Czech-Developers_INDUSTRY,
	title = {{CR 2023 - GAMING INDUSTRY}},
	author = {Czech Game Developers Association},
	year = {2023},
	howpublished = {online},
	note = {[accessed 15. May 2025]},
	url = {https://gda.cz/wp-content/uploads/2023/12/Infografika2023en.pdf}
}


%%%%%%%%%%%%%%%%%%%%%%%%%%%%%%%%%%%%%%%%%%%%%%%%%%%%%%%%%%%%%%%%%% GAME-DEV
@misc{bramble_7-stages,
  author = {Bramble, R.},
	title = {The Seven Stages Of Game Development},
	year = {2023},
	month = may,
  day = {10},
  howpublished = {online},
	note = {[accessed 19. Apr. 2025]},
	url = {https://gamemaker.io/en/blog/stages-of-game-development},
}
@misc{rocket_6-stages,
	author = {ROCKET BUSH STUDIO},
  title = {6 Stages of Game Development: From Idea to Release {\&} Support},
	year = {2024},
	month = nov,
  day = {7},
  howpublished = {online},
	note = {[accessed 19. Apr. 2025]},
	url = {https://rocketbrush.com/blog/going-through-phases-of-game-creating},
}
@misc{esler_viable-games,
	author = {Esler, L.},
	title = {Making commercially viable games},
	year = {2017},
	month = aug,
  day = {8},
  howpublished = {online},
  note = {[accessed 19. Apr. 2025]},
	url = {https://medium.com/@liamesler/making-commercially-viable-games-51d8a4a1d826},
}
%----------------------------------------------------------------------------------------------------
@misc{silva_guide-to-release,
	author = {Silva, R. S.},
	title = {Developer’s Guide to Game Release Success},
	year = {2024},
	month = apr,
	day = {2},
	howpublished = {online},
  note = {[accessed 19. Apr. 2025]},
	url = {https://blog.anybrain.gg/developers-guide-to-game-release-success-105eb2d7e89e},
}
@misc{sentika_how-to-optimize,
	author = {Sentika, A.},
	journal = {Hostinger Tutorials},
	title = {How to optimize a dedicated game server for maximum performance},
	year = {2025},
	month = mar,
  day = {13},
  howpublished = {online},
  note = {[accessed 19. Apr. 2025]},
	url = {https://www.hostinger.co.uk/tutorials/how-to-optimize-a-dedicated-game-server#Resource_management},
}
@misc{apple-ios-apps,
	author = {Apple Inc.},
	title = {{Submit your iOS apps to the App Store - Apple Developer}},
	journal = {Apple Developer},
	year = {2025},
	month = apr,
  howpublished = {online},
	note = {[accessed 19. Apr. 2025]},
	url = {https://developer.apple.com/ios/submit}
}
@misc{eu_gdpr,
	author = {Your Europe - EU},
  title = {{Data protection under GDPR - Your Europe}},
	journal = {Your Europe},
	year = {2022},
	month = jan,
  howpublished = {online},
	note = {[accessed 19. Apr. 2025]},
	url = {https://europa.eu/youreurope/business/dealing-with-customers/data-protection/data-protection-gdpr/index_en.htm}
}
@misc{doj_ccpa,
	author = {State of California Department of Justice},
  title = {{California Consumer Privacy Act (CCPA)}},
	journal = {State of California - Department of Justice - Office of the Attorney General},
	year = {2025},
	month = jan,
  howpublished = {online},
	note = {[accessed 19. Apr. 2025]},
	url = {https://oag.ca.gov/privacy/ccpa}
}
%----------------------------------------------------------------------------------------------------
@misc{palmer_planning-launch,
	author = {Palmer, J.},
	title = {{Are you ready to launch your video game with confidence? Planning the infrastructure for your game is a crucial step that should not be overlooked. In this article, I will guide you through the 9 essential steps to ensure a smooth and successful game launch.}},
	year = {2023},
	month = jul,
  day = {24},
  howpublished = {online},
	note = {[accessed 19. Apr. 2025]},
	url = {https://www.linkedin.com/pulse/9-steps-preparing-your-video-game-infrastructure-launch-jarrod-palmer}
}
@misc{edgegap_pre-launch-list,
	author = {Edgegap Team},
  title = {{Multiplayer Game Pre-Launch Checklist}},
	year = {2025},
	month = apr,
	howpublished = {online},
  note = {[accessed 19. Apr. 2025]},
	url = {https://edgegap.com/blog/multiplayer-game-pre-launch-checklist}
}
%----------------------------------------------------------------------------------------------------
@misc{jd-supra_ip,
	author={JD Supra},
  title = {{Decoding Intellectual Property Law for Video Game Developers {$\vert$} JD Supra}},
	journal = {JD Supra},
	year = {2024},
	month = jan,
  day = {19},
	howpublished = {online},
  note = {[accessed 19. Apr. 2025]},
	url = {https://www.jdsupra.com/legalnews/decoding-intellectual-property-law-for-1009170}
}
@misc{Kurzy_autorsky-zakon,
	author = {Kurzy. cz},
	title = {Autorský zákon č. 121/2000 Sb.},
	year = {2025},
	month = jan,
	howpublished = {online},
	note = {[accessed 15. May 2025]},
	url = {https://www.kurzy.cz/zakony/121-2000-autorsky-zakon}
}
@misc{dragon_copyright,
	author = {Dragon},
	title = {{Understanding Copyrights and Trademarks in Game Development : A Deep Look}},
	journal = {Creative Blok - Game Development News and Creative Community},
	year = {2024},
	month = mar,
  day = {20},
  howpublished = {online},
  note = {[accessed 19. Apr. 2025]},
	url = {https://thecreativeblok.com/understanding-copyrights-and-trademarks-in-game-development-a-deep-look}
}
@misc{iconcollective_music-license,
	author = {iconcollective},
  title = {{How to License Music for Video Games}},
	year = {2018},
	month = dec,
  howpublished = {online},
	note = {[accessed 19. Apr. 2025]},
	url = {https://www.iconcollective.edu/license-music-for-video-games}
}
@misc{docupilot_eula,
	author = {docupilot},
  title = {{End-user license agreement: All You Need To Know}},
	year = {2025},
	month = jan,
  day = {8},
  howpublished = {online},
	note = {[accessed 19. Apr. 2025]},
	url = {https://www.docupilot.com/blog/what-is-the-end-user-license-agreement}
}
@misc{steam_eula,
	author = {Steam},
  title = {{END USER LICENSE AGREEMENT}},
	year = {2025},
	month = apr,
  howpublished = {online},
	note = {[accessed 19. Apr. 2025]},
	url = {https://store.steampowered.com/eula/290730_eula_0}
}
@misc{dentons_eu-data-protection,
	author = {dentons},
  title = {{Practical implications for video games industry regarding EU Data protection and Privacy law}},
	year = {2023},
	month = jul,
  day = {5},
  howpublished = {online},
	note = {[accessed 19. Apr. 2025]},
	url = {https://www.dentons.com/en/insights/guides-reports-and-whitepapers/2023/july/5/practical-implications-for-video-games-industry-regarding-eu-data-protection-and-privacy-law}
}
@misc{gamota_data-privacy,
	author = {Gamota},
	title = {{Data privacy protection has become a critical concern for game developers in today's gaming world. The General Data Protection Regulation (GDPR) and other privacy compliance measures play a pivotal role in shaping how game developers handle user information, ensuring both legal adherence and user tr}},
	year = {2023},
	month = aug,
  day = {15},
  howpublished = {online},
	note = {[accessed 19. Apr. 2025]},
	url = {https://www.linkedin.com/pulse/data-privacy-protection-guide-game-developers-gamota}
}
@misc{steam_content-survey,
	author = {Steam},
  title = {{Content Survey (Steamworks Documentation)}},
	year = {2025},
	month = apr,
  howpublished = {online},
	note = {[accessed 19. Apr. 2025]},
	url = {https://partner.steamgames.com/doc/gettingstarted/contentsurvey}
}
%----------------------------------------------------------------------------------------------------
@misc{santos_pre-launch,
	author = {Santos, A.},
  title = {{A Guide to Launching Indie Games, Part One: Pre-Launch}},
	journal = {binPress},
	year = {2023},
	month = nov,
  howpublished = {online},
	note = {[accessed 19. Apr. 2025]},
	url = {https://www.binpress.com/guide-launching-indie-games-1}
}
@misc{impress_press-kit,
	author = {IMPRESS},
  title = {{Video Game Press Kit Examples}},
	year = {2025},
	month = apr,
	howpublished = {online},
  note = {[accessed 19. Apr. 2025]},
	url = {https://impress.games/video-game-press-kit-examples}
}
@article{venkatesh_successful-release,
	author = {Venkatesh, C. R.},
	title = {{A Proven Game Launch Strategy: : Key Steps to a Successful Release}},
	journal = {Dot Com Infoway},
	year = {2024},
	month = oct,
  day = {4},
  howpublished = {online},
  note = {[accessed 19. Apr. 2025]},
	url = {https://www.dotcominfoway.com/blog/a-proven-game-launch-strategy-key-steps-to-a-successful-release}
}
@article{developer_introduction-to-marketing,
	author = {Game Developer Staff},
	title = {{How to market a game: an introduction to game marketing}},
	journal = {Game Developer},
	publisher = {Game Developer},
	year = {2024},
	month = jul,
  day = {25},
	howpublished = {online},
  note = {[accessed 19. Apr. 2025]},
	url = {https://www.gamedeveloper.com/marketing/how-to-market-a-game-an-introduction-to-game-marketing}
}
@article{zuckerman_steam-statistics,
	author = {Zuckerman, A.},
	title = {{75 Steam Statistics: 2020/2021 Facts, Market Share {\&} Data Analysis}},
	journal = {CompareCamp},
	year = {2020},
	month = may,
  day = {15},
  howpublished = {online},
  note = {[accessed 19. Apr. 2025]},
	url = {https://comparecamp.com/steam-statistics}
}
@misc{steam_wishlist,
	author = {Steam},
  title = {{Steam Support :: Steam Wishlist}},
	year = {2025},
	month = apr,
	howpublished = {online},
  note = {[accessed 19. Apr. 2025]},
	url = {https://help.steampowered.com/en/faqs/view/0CAD-3B4D-B874-A065}
}
@misc{steam_partner-program,
	author = {Steam},
  title = {{Steamworks Partner Program}},
	year = {2025},
	month = apr,
	howpublished = {online},
  note = {[accessed 19. Apr. 2025]},
	url = {https://partner.steamgames.com/steamdirect}
}
@misc{steam_discovery,
	author = {Steam},
  title = {{Steam Discovery Update}},
	year = {2025},
	month = apr,
	howpublished = {online},
  note = {[accessed 19. Apr. 2025]},
	url = {https://store.steampowered.com/about/newstore}
}
@article{carpenter_creator-day,
	author = {Carpenter, N.},
	title = {{On indie site itch.io{'}s Creator Day, developers will get all the profits}},
	journal = {Polygon},
	year = {2021},
	month = may,
  day = {12},
	publisher = {Polygon},
  howpublished = {online},
  note = {[accessed 19. Apr. 2025]},
	url = {https://www.polygon.com/22432939/itchio-indie-games-creator-day-100-percent-profit}
}
@misc{game-jolt_help,
	author = {Game Jolt},
  title = {{Help Docs}},
	journal = {Game Jolt},
	year = {2025},
	month = apr,
	howpublished = {online},
  note = {[accessed 19. Apr. 2025]},
	url = {https://gamejolt.com/help-docs}
}
%----------------------------------------------------------------------------------------------------
@article{eduonix_costs,
	author = {Eduonix},
	title = {{How to Estimate and Manage Costs for Your Game Development Project.}},
	journal = {Eduonix Blog},
	year = {2024},
	month = may,
  day = {8},
  howpublished = {online},
  note = {[accessed 19. Apr. 2025]},
	url = {https://blog.eduonix.com/2024/05/how-to-estimate-and-manage-costs-for-your-game-development-project}
}
@misc{linkedin_budget,
  author={Game Design},
  title = {{Learn the best practices and methods to estimate your game development budget and timeline, based on industry standards and expert advice.}},
	year = {2024},
	month = mar,
	publisher = {www.linkedin.com},
	howpublished = {online},
  note = {[accessed 19. Apr. 2025]},
	url = {https:/`/www.linkedin.com/advice/0/whats-best-way-estimate-your-game-development-budget-dyisc}
}
@misc{hubka_game-monetization,
	author = {Hubka, T.},
  title = {{Exploring game monetization: Traditional strategies {\ifmmode---\else\textemdash\fi} GameAnalytics}},
	year = {2024},
	month = jun,
  day = {6},
	howpublished = {online},
  note = {[accessed 19. Apr. 2025]},
	url = {https://www.gameanalytics.com/blog/traditional-monetization-strategies}
}
@misc{perforce-stoftware_tips,
	author={Perforce Software},
  title = {{Top Tips For Getting Game Development Funding {$\vert$} Perforce Software}},
	journal = {Perforce Software},
	year = {2020},
	month = aug,
  day = {6},
  howpublished = {online},
	note = {[accessed 19. Apr. 2025]},
	url = {https://www.perforce.com/blog/vcs/game-development-funding#indie-01}
}
@misc{unreal-engine_grants,
	author={Unreal Engine},
  title = {{Epic MegaGrants Funds Creators Using UE5 or UEFN or Enhancing the Open Source Community}},
	journal = {Unreal Engine},
	year = {2025},
	month = apr,
	howpublished = {online},
  note = {[accessed 19. Apr. 2025]},
	url = {https://www.unrealengine.com/en-US/megagrants}
}
@article{expats_company-or-individual,
	author={Expats Magazine},
  title = {{Is it better to start a business as a company or as an individual?}},
	journal = {Expats Magazine},
	year = {2020},
	month = jan,
	howpublished = {online},
  note = {[accessed 19. Apr. 2025]},
	url = {https://expatsmagazine.org/start-business-company-or-individual}
}
